@article{AD,
  author = {Anderson, T. W. and Darling, D. A.},
  title = {A Test of Goodness of Fit},
  journal = {Journal of the American Statistical Association},
  year = {1954},
  volume = {49},
  pages = {765-769} 
}

@book{LW,
  author = {Larry Wasserman},
  title = {A Concise Course in Statistical Inference},
  year = {2004},
  publisher = {New York:Srring} 
}


@book{FANG:1994,
  author = {Fang, K. T. and Wang, Y.},
  title = {Number-Theoretic Methods in Statistics},
  year = {1994},
  publisher = {Chapman \& Hall, London} 
}
@book{CW,
  author = {吳聰敏．吳聰慧},
  title = {cwTEX排版系統},
  year = {2005},
  publisher = {翰蘆圖書出版有限公司} 
}

@phdthesis{HORSWELL:1990,
  author = {Horswell, R. L.},
  title = {A Monte Carlo Comparison of Tests for Multivariate Normality Based on 	Multivariate Skewness and Kurtosis},
  year = {1990},
  school = {Louisiana State University, Dept. of 	Quantitative Business Analysis} 
}

@Manual{MATLAB,
  author  = { {The MathWorks, Inc.}},
  title   = {\proglang{MATLAB} - The Language of Technical Computing, Version 7.11},
  year    = {2010b},
  address = {Natick, Massachusetts},
  url     = {http://www.mathworks.com/}
}


@UNPUBLISHED{Trujillo-Ortiz:2007A,
  author = {Trujillo-Ortiz, A. and Hernandez-Walls, R. and  Barba-Rojo, K. and Castro-Perez, A.},
  title = {AnDartest: Anderson-Darling Test for Assessing Normality of a Sample Data},
  year = {2007},
  url = {http://www.mathworks.com/matlabcentral/fileexchange/loadFile.do?objectId=14807} 
}

