@article{AK, 
	author= {AkOBENG, A.K},
	year= {2007},
	title= {Understanding diagnostic tests3: receive characteristic curvs},
	journal = {Acta Padiatrica.},
	volume = {96},
	page = {644-647},	
}
@article{CF, 
	author= {CHIAN, C.F. and HWANG, Y.T.and TERNG, H.J. et al.},
	year= {2016},
	title= {Panels of tumor-dericed RNA markers in peripheral blood of patients with non-small cell lung cancer:their dependence on age, gender and clinical stages.To appear in Oncotarget.},
	journal = {To appear in Oncotarget.},
}
@article{II, 
	author= {IIALPERM, E.T. and ALBERT, M. and KRIEGER, A.M. and METZ, C.E. and MAIDMENT, A.D.},
	year= {1996},
	title= {Comparison of receiver operation characteristic curves on the basis of optimal operation points.},
	journal = {Acad. Radiol.},
	volume = {3},
	page = {245-253},
}
@article{KR, 
	author= {KRZANOWSKI, W.J. and HAND, D.J.},
	year= {2009},
	title= {ROC Curves fot Continuous Data},
	journal = {CRC Press.},
	address = {New York},
}

