@booklet{123learn,
	author = {Edward G.J. Lee 李果正}, 
 	title = {大家來學 LaTeX}, 
	year = {2004},  
	month = {3}, 
	note = {Version 1.0}, 
	howpublished = {\url{http://jupiter.math.nctu.edu.tw/~smchang/latex/latex123.pdf}}, 
	language = {Chinese}
}
@book{cwTEX, 
	author = {吳聰敏 • 吳聰慧}, 
	title = {\cw{} 排版系統}, 
	year = {2005}, 
	month = {10},
	note = {第3版}, 
	ISBN = {957-41-3163-7},
	publisher = {翰蘆圖書出版有限公司},

}
@misc{CCW, 
    author = {C.C.Wang}, 
    title  = {XeTex Tutorial},
    howpublished = {\url{https://ntpuccw.blog/supplements/xetex-tutorial/}}, 
}
@misc{color, 
	key = {LaTeX color}, 
	title ={LaTeX color}, 
	howpublished = {\url{http://latexcolor.com/}} 	
}

@misc{TeXFAQ, 
	key= {Frequently Asked Question List for TeX}, 
	title= {Frequently Asked Question List for TeX}, 
	howpublished = {\url{https://texfaq.org/}} 
}

@misc{StyCap,
	author = {Peter Yu}, 
	title= {Styling captions in LaTeX (subfig and caption packages)}, 
	howpublished = {\url{http://www.peteryu.ca/tutorials/publishing/latex_captions_old}}
}
@book{prob, 
	author = {Robert V. Hogg and Elliot A. Tanis and Dale L.Zimmerman}, 
	title = {PROBABILITYAND STATISTICAL INFERENCE }, 
	year = {2015}, 
	edition = {9th}, 
	ISBN = {978-0-321-92327-1},
	publisher = {Pearson Education Limited},
	address = {England}

}