@article{biswas2002new,
  title={A new bivariate binomial distribution},
  author={Biswas, Atanu and Hwang, Jing Shiang},
  journal={Statistics  \&  probability letters},
  volume={60},
  number={2},
  pages={231--240},
  year={2002},
  publisher={Elsevier}
}

@book{fitzmaurice2012applied,
  title={Applied longitudinal analysis},
  author={Fitzmaurice, Garrett M and Laird, Nan M and Ware, James H},
  year={2012},
  publisher={John Wiley \& Sons}
}

@article{liang1986longitudinal,
  title={Longitudinal data analysis using generalized linear models},
  author={Liang, Kung Yee and Zeger, Scott L},
  journal={Biometrika},
  volume={73},
  number={1},
  pages={13--22},
  year={1986},
  publisher={Biometrika Trust}
}

@article{Lagarias199nmsm,
  title={Convergence Properties of the Nelder-Mead Simplex Method in Low Dimensions},
  author={Lagarias, J C and Reeds, J A and Wright, M H and Wright, P E},
  journal={SIAM Journal of Optimization},
  volume={9},
  number={1},
  pages={112--147},
  year={1998},
  publisher={SIAM}
}

@book{pinsky2010introduction,
  title={An introduction to stochastic modeling},
  author={Pinsky, Mark and Karlin, Samuel},
  year={2010},
  publisher={Academic Press}
}

@book{agresti2002categorical,
  title={Categorical data analysis},
  author={Agresti, Alan},
  year={2002},
  publisher={John Wiley \& Sons}
}

@article{SAS2014inc,
  author = {{SAS Institute Inc.}},
  title = {The {SAS} System, Version 9.3},
  journal={Cary, North Carolina},
  note = {{URL} \url{http://www.sas.com}},
  year = {2014}
}

@article{guide1998mathworks,
  title={{MATLAB} -- The Language of Technical Computing, Version 7.1},
  author={{The MathWorks Inc}},
  journal={The MathWorks, Inc., Natick, Massachuseets},
  year={2014},
  note={{URL} \url{http://www.mathworks.com/products/matlab/}}
}

@book{casella1990statistical,
  title={Statistical inference},
  author={Casella, George and Berger, Roger L},
  year={1990},
  publisher={Duxbury Press Belmont, CA}
}
